<record><leader>00000cas a22000007a 4500</leader><controlfield tag="001">14695006</controlfield><controlfield tag="008">861110d19021903inuwr ne      0    0eng d</controlfield><datafield ind1=" " ind2=" " tag="010"><subfield code="a">sn 86058986 </subfield></datafield><datafield ind1=" " ind2=" " tag="040"><subfield code="a">NPI</subfield><subfield code="b">eng</subfield><subfield code="c">NPI</subfield><subfield code="d">OCLCQ</subfield><subfield code="d">IUL</subfield><subfield code="d">OCLCF</subfield></datafield><datafield ind1="1" ind2=" " tag="029"><subfield code="a">AU@</subfield><subfield code="b">000025807051</subfield></datafield><datafield ind1=" " ind2=" " tag="042"><subfield code="a">msc</subfield></datafield><datafield ind1=" " ind2=" " tag="043"><subfield code="a">n-us-in</subfield></datafield><datafield ind1="0" ind2=" " tag="130"><subfield code="a">Telephone (New Harmony, Ind.)</subfield></datafield><datafield ind1="1" ind2="4" tag="245"><subfield code="a">The telephone.</subfield></datafield><datafield ind1=" " ind2=" " tag="260"><subfield code="a">New Harmony, Ind. :</subfield><subfield code="b">Todd &amp; Kasserman,</subfield><subfield code="c">-1903.</subfield></datafield><datafield ind1=" " ind2=" " tag="300"><subfield code="a">v. :</subfield><subfield code="b">ill.</subfield></datafield><datafield ind1=" " ind2=" " tag="310"><subfield code="a">Weekly</subfield></datafield><datafield ind1="1" ind2=" " tag="362"><subfield code="a">Began 1902.</subfield></datafield><datafield ind1="0" ind2=" " tag="362"><subfield code="a">-v. 1, no. 18 (Feb. 7, 1903).</subfield></datafield><datafield ind1=" " ind2=" " tag="588"><subfield code="a">Description based on: Vol. 1, no. 2 (Oct. 17, 1902).</subfield></datafield><datafield ind1=" " ind2="0" tag="651"><subfield code="a">New Harmony (Ind.)</subfield><subfield code="v">Newspapers.</subfield></datafield><datafield ind1=" " ind2="0" tag="651"><subfield code="a">Posey County (Ind.)</subfield><subfield code="v">Newspapers.</subfield></datafield><datafield ind1=" " ind2="7" tag="651"><subfield code="a">Indiana</subfield><subfield code="z">New Harmony.</subfield><subfield code="2">fast</subfield><subfield code="0">(OCoLC)fst01208248</subfield></datafield><datafield ind1=" " ind2="7" tag="651"><subfield code="a">Indiana</subfield><subfield code="z">Posey County.</subfield><subfield code="2">fast</subfield><subfield code="0">(OCoLC)fst01206935</subfield></datafield><datafield ind1=" " ind2="7" tag="655"><subfield code="a">Newspapers.</subfield><subfield code="2">fast</subfield><subfield code="0">(OCoLC)fst01423814</subfield></datafield><datafield ind1=" " ind2=" " tag="752"><subfield code="a">United States</subfield><subfield code="b">Indiana</subfield><subfield code="c">Posey</subfield><subfield code="d">New Harmony.</subfield></datafield><datafield ind1="0" ind2="5" tag="780"><subfield code="t">Wadesville independent</subfield></datafield><datafield ind1="0" ind2="4" tag="785"><subfield code="t">New Harmony times</subfield><subfield code="w">(DLC)sn 86058005</subfield><subfield code="w">(OCoLC)13018343</subfield></datafield></record>